% Bibliografía

% Este fichero contiene la bibliografía de la memoria
% Está en un formato que se conoce como BibTex.
% Hay muchos sitios web que exportan referencias en formato BibTeX. 
% Prueba a buscar en http://scholar.google.com por referencias
% y verás que lo puedes hacer de manera sencilla.
% Más información: 
% http://texblog.org/2014/04/22/using-google-scholar-to-download-bibtex-citations/

% Existen varias posibilidades para referenciar diferentes tipos de documentos,
% ya que los datos necesarios varían. Así, existen formatos de entrada para
%     * libros (book)
%     * artículos en revistas de investigación (article)
%     * capítulos de libro (incollection)
%     * informes técnicos (techreport)
%     * otros (misc)
%
% Las páginas web deberían ir como misc.

% Una última cosa: no referencias nunca la WikiPedia
% La WikiPedia, como buena enciclopedia, no es fuente primaria.
% Si acaso, busca por citas en la WikiPedia (que sí ha de referenciar fuentes
% primarias) y haz referencia a las mismas.

@article{arotuma2017programacion,
  title={La Programación como herramienta educativa-SCRATCH},
  author={Arotuma, Claudio and Soraya, Susana},
  year={2017},
  publisher={Facultad de Teología Pontificia y Civil de Lima}
}

@inproceedings{robles2005self,
  title = {Self-organized development in libre software: a model based on the stigmergy concept},
  author = {Robles, Gregorio and Merelo, Juan Julián 
          and González-Barahona, Jesús M.},
  booktitle={ProSim'05},
  year={2005}
}

@INPROCEEDINGS{baxter_yahin,
  author={Baxter, I.D. and Yahin, A. and Moura, L. and Sant'Anna, M. and Bier, L.},
  booktitle={Proceedings. International Conference on Software Maintenance (Cat. No. 98CB36272)}, 
  title={Clone detection using abstract syntax trees}, 
  year={1998},
  volume={},
  number={},
  pages={368-377},
  doi={10.1109/ICSM.1998.738528}
  }

@article{munoz2014abstraccion,
  title={Comprendiendo los procesos de abstracciónn computacional en los niños: un estudio de caso exploratorio},
  author={Muñoz, René Fabián Zúñiga and Grupo, IDIS and Alegría, Julio Ariel Hurtado and Ordoñez, Cesar Alberto Collazos},
  journal={I+ T+ C-Revista Investigaciín, Tecnología y Ciencia},
  volume={1},
  number={8},
  pages={57--66},
  year={2014}
}

@TechReport{wing_socialissues,
  author={J. M. Wing},
  title={Computational Thinking Benefits Society | Social Issues in Computing)},
  institution={International Institute of Infonomics. University of Maastricht},
  year={2014},
  address={New York},
  month={May},
  note={\\ http://socialissues.cs.toronto.edu/2014/01/computational-thinking/}
}

@article{garridoabstraccion,
  title={Abstracción en Programación},
  author={Garrido, Ainara},
  journal = {Ciencia}
}

@article {clusteringpaper,
	author = {Frey, Brendan J. and Dueck, Delbert},
	title = {Clustering by Passing Messages Between Data Points},
	volume = {315},
	number = {5814},
	pages = {972--976},
	year = {2007},
	doi = {10.1126/science.1136800},
	publisher = {American Association for the Advancement of Science},
	abstract = {Clustering data by identifying a subset of representative examples is important for processing sensory signals and detecting patterns in data. Such {\textquotedblleft}exemplars{\textquotedblright} can be found by randomly choosing an initial subset of data points and then iteratively refining it, but this works well only if that initial choice is close to a good solution. We devised a method called {\textquotedblleft}affinity propagation,{\textquotedblright} which takes as input measures of similarity between pairs of data points. Real-valued messages are exchanged between data points until a high-quality set of exemplars and corresponding clusters gradually emerges. We used affinity propagation to cluster images of faces, detect genes in microarray data, identify representative sentences in this manuscript, and identify cities that are efficiently accessed by airline travel. Affinity propagation found clusters with much lower error than other methods, and it did so in less than one-hundredth the amount of time.},
	issn = {0036-8075},
	URL = {https://science.sciencemag.org/content/315/5814/972},
	eprint = {https://science.sciencemag.org/content/315/5814/972.full.pdf},
	journal = {Science}
}